<?xml version="1.0" encoding="UTF-8"?><record xmlns="http://www.loc.gov/MARC21/slim" xmlns:cinclude="http://apache.org/cocoon/include/1.0" xmlns:zs="http://www.loc.gov/zing/srw/">
  <leader>00434nz  a2200145n  4500</leader>
  <controlfield tag="001">no2006039293</controlfield>
  <controlfield tag="003">DLC</controlfield>
  <controlfield tag="005">20060419052003.0</controlfield>
  <controlfield tag="008">060411n| acannaabn          |a aaa     c</controlfield>
  <datafield tag="010" ind1=" " ind2=" ">
    <subfield code="a">no2006039293</subfield>
  </datafield>
  <datafield tag="035" ind1=" " ind2=" ">
    <subfield code="a">(OCoLC)oca06913800</subfield>
  </datafield>
  <datafield tag="040" ind1=" " ind2=" ">
    <subfield code="a">LNT</subfield>
    <subfield code="b">eng</subfield>
    <subfield code="c">LNT</subfield>
  </datafield>
  <datafield tag="100" ind1="1" ind2=" ">
    <subfield code="a">Gutmann, Annie</subfield>
  </datafield>
  <datafield tag="400" ind1="1" ind2=" ">
    <subfield code="a">Gutmann, Anne</subfield>
  </datafield>
  <datafield tag="670" ind1=" " ind2=" ">
    <subfield code="a">Le visage et la voix, c2004:</subfield>
    <subfield code="b">t.p. (Annie Gutmann) p. 7 (Anne Gutmann) p. 9 (practices psychiatry; psychoanalyst)</subfield>
  </datafield>
</record>